@Article{kirlitsa2017,
  author =       {{Кирлица В.П.}},
  title =        "Точные  D-оптимальные планы экспериментов для линейной множественной регрессии с неравноточными наблюдениями",
  journal =	"Журнал Белорусского государственного университета",
  volume =	"Математика, информатика",
  year =         "2017",
  number =       "3",
  pages =        "53-59",
}

@Book{fedorov,
	author = {{Федоров В. В.}},
	title = "Теория оптимального эксперимента",
	year = 1971,
}
